@book{everett2007,
  title = {Software Testing},
  author = {Everett, Gerald D. and McLeod, Raymond and Wiley, John and Sons},
  year = {2007}
}

